<?xml version="1.0" encoding="UTF-8"?><record xmlns="http://www.loc.gov/MARC21/slim" xmlns:cinclude="http://apache.org/cocoon/include/1.0" xmlns:zs="http://www.loc.gov/zing/srw/">
  <leader>00403cz  a2200121n  4500</leader>
  <controlfield tag="001">n  96025398 </controlfield>
  <controlfield tag="003">DLC</controlfield>
  <controlfield tag="005">19960315141320.5</controlfield>
  <controlfield tag="008">960315n| acannaab|          |n ana |||  </controlfield>
  <datafield tag="010" ind1=" " ind2=" ">
    <subfield code="a">n  96025398 </subfield>
  </datafield>
  <datafield tag="040" ind1=" " ind2=" ">
    <subfield code="a">DLC</subfield>
    <subfield code="c">DLC</subfield>
    <subfield code="d">DLC</subfield>
  </datafield>
  <datafield tag="110" ind1="2" ind2="0">
    <subfield code="a">Rheinisches Industriemuseum.</subfield>
    <subfield code="b">Aussenstelle Ratingen</subfield>
  </datafield>
  <datafield tag="670" ind1=" " ind2=" ">
    <subfield code="a">Cromford 1949, 1993:</subfield>
    <subfield code="b">cover (Landschaftsverband Rheinland, Rheinisches Industriemuseum, Aussenstelle Ratingen)</subfield>
  </datafield>
</record>